@article{yoo2006optimality,
  title={{On the optimality of multiantenna broadcast scheduling using zero-forcing beamforming}},
  author={Yoo, Taesang and Goldsmith, Andrea},
  journal={ {IEEE} Journal on Selected Areas in Communications},
  volume={24},
  number={3},
  pages={528--541},
  year={2006},
}

@article{ravindran2012multi,
  title={Multi-user diversity vs. accurate channel state information in {MIMO} downlink channels},
  author={Ravindran, Niranjay and Jindal, Nihar},
  journal={ IEEE Transactions on Wireless Communications},
  volume={11},
  number={9},
  pages={3037--3046},
  year={2012}
}

@article{jindal2006mimo,
  title={{MIMO} broadcast channels with finite-rate feedback},
  author={Jindal, Nakul},
  journal={IEEE Transactions on Information Theory},
  volume={52},
  number={11},
  pages={5045--5060},
  year={2006}
}

@inproceedings{aryafar2010design,
  title={Design and experimental evaluation of multi-user beamforming in wireless {LANs}},
  author={Aryafar, Ehsan and Anand, Narendra and Salonidis, Theodoros and Knightly, Edward W},
  booktitle={Proc. {ACM} International Conference on Mobile Computing and Networking (MobiCom)},
  year={2010}
}

@article{halperin2011predictable,
  title={Predictable 802.11 packet delivery from wireless channel measurements},
  author={Halperin, Daniel and Hu, Wenjun and Sheth, Anmol and Wetherall, David},
  journal={ACM SIGCOMM Computer Communication Review},
  volume={41},
  number={4},
  pages={159--170},
  year={2011}
}

@article{ko2012multiuser,
  title={Multiuser {MIMO} user selection based on chordal distance},
  author={Ko, Kyeongjun and Lee, Jungwoo},
  journal={IEEE Transactions on Communications},
  volume={60},
  number={3},
  pages={649--654},
  year={2012}
}

@article{liao2014mu,
  title={Mu-mimo mac protocols for wireless local area networks: A survey},
  author={Liao, Ruizhi and Bellalta, Boris and Oliver, Miquel and Niu, Zheng},
  journal={IEEE Communications Surveys and Tutorials},
  volume={18},
  number={1},
  pages={162--183},
  year={2014}
}

@article{lee2013performance,
  title={Performance analysis of ZF-precoded scheduling system for {MU-MIMO} with generalized selection criterion},
  author={Lee, Donghun},
  journal={IEEE Transactions on Wireless Communications},
  volume={12},
  number={4},
  pages={1812--1818},
  year={2013}
}

@inproceedings{shen2015sieve,
  title={SIEVE: Scalable user grouping for large {MU-MIMO} systems},
  author={Shen, Wei-Liang and Lin, Kate Ching-Ju and Chen, Ming-Syan and Tan, Kun},
  booktitle={Proc. IEEE International Conference on Computer Communications (INFOCOM)},
  year={2015}

}

@inproceedings{xie2014scalable,
  title={Scalable user selection for {MU-MIMO} networks},
  author={Xie, Xiufeng and Zhang, Xinyu},
  booktitle={Proc. IEEE International Conference on Computer Communications (INFOCOM)},
  year={2014}
}

@inproceedings{anand2014mode,
  title={Mode and User Selection for Multi-User {MIMO} WLANs without {CSI}},
  author={Anand, Narendra and Lee, Jeongkeun and Lee, Sung-Ju and Knightly, Edward W},
  booktitle={Proc. IEEE International Conference on Computer Communications (INFOCOM)},
  year={2015}
}

@article{kuo2014leader,
  title={Leader-Contention-Based User Matching for 802.11 Multiuser {MIMO} Networks},
  author={Kuo, Tung-Wei and Lee, Kuang-Che and Lin, Kate Ching-Ju and Tsai, Ming-Jer},
  journal={IEEE Transactions on Wireless Communications},
  volume={13},
  number={8},
  pages={4389--4400},
  year={2014}
}

@article{nam2014user,
  title={A User Selection Algorithm Using Angle between Subspaces for Downlink {MU-MIMO} Systems},
  author={Nam, Seongho and Kim, Jeongchan and Han, Youngnam},
  journal={IEEE Transactions on Communications},
  volume={62},
  number={2},
  pages={616--624},
  year={2014}
}

@article{choi2004transmit,
  title={A transmit preprocessing technique for multiuser {MIMO} systems using a decomposition approach},
  author={Choi, Lai-U and Murch, Ross D},
  journal={IEEE Transactions on Wireless Communications},
  volume={3},
  number={1},
  pages={20--24},
  year={2004}
}

@inproceedings{xie2013adaptive,
  title={Adaptive feedback compression for {MIMO} networks},
  author={Xie, Xiufeng and Zhang, Xinyu and Sundaresan, Karthikeyan},
  booktitle={Proc. {ACM} International Conference on Mobile Computing and Networking (MobiCom)},
  year={2013}
}

@inproceedings{deng2014wifi,
  title={{WiFi}, {LTE}, or Both?: measuring multi-homed wireless internet performance},
  author={Deng, Shuo and Netravali, Ravi and Sivaraman, Anirudh and Balakrishnan, Hari},
  booktitle={Proc. {ACM} Internet Measurement Conference (IMC)},
  year={2014}
}

@inproceedings{gross2012scheduling,
  title={Scheduling with outdated {CSI}: effective service capacities of optimistic vs. pessimistic policies},
  author={Gross, James},
  booktitle={Proc. {IEEE} International Workshop on Quality of Service (IWQoS)},
  year={2012}
}

@article{miller2012vulnerabilities,
  title={On the vulnerabilities of {CSI} in {MIMO} wireless communication systems},
  author={Miller, Rob and Trappe, Wade},
  journal={{IEEE} Transactions on Mobile Computing},
  volume={11},
  number={8},
  pages={1386--1398},
  year={2012}
}

@article{shen2014rate,
  title={Rate adaptation for 802.11 multiuser {MIMO} networks},
  author={Shen, Wei-Liang and Lin, Kate Ching-Ju and Gollakota, Shyamnath and Chen, Ming-Syan},
  journal={IEEE Transactions on Mobile Computing},
  volume={13},
  number={1},
  pages={35--47},
  year={2014}
}

@inproceedings{zhou2015signpost,
  title={Signpost: Scalable {MU-MIMO} Signaling with Zero {CSI} Feedback},
  author={Zhou, Anfu and Wei, Teng and Zhang, Xinyu and Liu, Min and Li, Zhongcheng},
  booktitle={Proc. {ACM} International Symposium on Mobile Ad Hoc Networking and Computing (MobiHoc)},
  year={2015}
}

@inproceedings{ong2011ieee,
  title={{IEEE} 802.11 ac: Enhancements for very high throughput {WLANs}},
  author={Ong, Eng Hwee and Kneckt, Jarkko and Alanen, Olli and Chang, Zheng and Huovinen, Toni and Nihtil{\"a}, Timo},
  booktitle={Proc. {IEEE} International Symposium on Personal Indoor and Mobile Radio Communications (PIMRC)},
  year={2011}
}

@article{zhang2011multi,
  title={Multi-mode transmission for the {MIMO} broadcast channel with imperfect channel state information},
  author={Zhang, Jun and Kountouris, Marios and Andrews, Jeffrey G and Heath Jr, Robert W},
  journal={{IEEE} Transactions on Communications},
  volume={59},
  number={3},
  pages={803--814},
  year={2011}
}

@article{huang2013user,
  title={User selection for multiuser {MIMO} downlink with zero-forcing beamforming},
  author={Huang, Shengchun and Yin, Hao and Wu, Jiangxing and Leung, Victor},
  journal={IEEE Transactions on Vehicular Technology},
  volume={62},
  number={7},
  pages={3084--3097},
  year={2013}
}

@inproceedings{zhang2013nemox,
  title={{NEMOx}: scalable network {MIMO} for wireless networks},
  author={Zhang, Xinyu and Sundaresan, Karthikeyan and Khojastepour, Mohammad A Amir and Rangarajan, Sampath and Shin, Kang G},
  booktitle={Proc. {ACM} International Conference on Mobile Computing and Networking (MobiCom)},
  year={2013}
}

@inproceedings{lim2014performance,
  title={Performance of linear precoding and user selection in {IEEE} 802.11 ac downlink {MU-MIMO} system},
  author={Lim, Woochang and Kim, Gibum and Kim, Jinwoo and Park, Hyuncheol and Lee, Keunmoo and Jang, Hanyoung},
  booktitle={Proc. IEEE Wireless Communications and Networking Conference (WCNC)},
  year={2014}
}

@inproceedings{esslaoui2012fair,
  title={A fair {MU-MIMO} scheme for {IEEE} 802.11 ac},
  author={Esslaoui, Mounir and Riera-Palou, Felip and Femenias, Guillem},
  booktitle={IEEE International Symposium on Wireless Communication Systems (ISWCS)},
  year={2012}
}

@article{yang2013performance,
  title={Performance of conjugate and zero-forcing beamforming in large-scale antenna systems},
  author={Yang, Hong and Marzetta, Thomas L},
  journal={IEEE} Journal on Selected Areas in Communications},
  volume={31},
  number={2},
  pages={172--179},
  year={2013}
}

@book{jain1984quantitative,
  title={A quantitative measure of fairness and discrimination for resource allocation in shared computer system},
  author={Jain, Raj and Chiu, Dah-Ming and Hawe, William R},
  volume={38},
  year={1984},
  publisher={Eastern Research Laboratory, Digital Equipment Corporation Hudson, MA}
}


@article{muller2007dynamic,
  title={Dynamic time warping},
  author={M{\"u}ller, Meinard},
  journal={{Springer} Information retrieval for music and motion},
  pages={69--84},
  year={2007}
}

@inproceedings{Practical2016zhxy,
  title={Practical MU-MIMO user selection on 802.11 ac commodity networks},
  author={Sur S, Pefkianakis I, Zhang X, et al},
  booktitle={Proc. {ACM} International Conference on Mobile Computing and Networking (MobiCom)},
  year={2016}
}

@article{Gong2015advanced,
  title={Advanced wireless lan technologies: {IEEE} 802.11 ac and beyond},
  author={Gong M X, Hart B, Mao S},
  journal={{ACM} GetMobile: Mobile Computing and Communications},
  volume={18},
  pages={48-52},
  year={2015}
}

@inproceedings{control2015shep,
  title={Control Channel Design for Many-Antenna {MU-MIMO}},
  author={Shepard C, Javed A, Zhong L},
  booktitle={Proc. {ACM} International Conference on Mobile Computing and Networking (MobiCom)},
  year={2015}
}

@inproceedings{2016infocomres,
  title={Resilient multi-user beamforming WLANs: Mobility, interference, and
               imperfect {CSI}},
  author={Oscar Bejarano and
               Roger Pierre Fabris Hoefel and
               Edward W. Knightly},
  booktitle={Proc. IEEE International Conference on Computer Communications (INFOCOM)},
  year={2016}
}