@inproceedings{1,
  title={Complexity in geometric SINR},
  author={Goussevskaia, Olga and Oswald, Yvonne Anne and Wattenhofer, Rogert},
  booktitle={Proc. of ACM International Symposium on Mobile Ad Hoc Networking and Computing (MobiHoc)},
  year={2007}
}

@inproceedings{2,
  title={Capacity of arbitrary wireless networks},
  author={Goussevskaia, Olga and Wattenhofer, Roger and Halld{\'o}rsson, Magn{\'u}s M and Welzl, Emo},
  booktitle={Proc. of IEEE INFOCOM},
  year={2009}
}

@inproceedings{3,
  title={Maximum independent set of links under physical interference model},
  author={Wan, Peng-Jun and Jia, Xiaohua and Yao, Frances},
  booktitle={Proc. of International Conference on Wireless Algorithms, Systems, and Applications (WASA)},
  year={2009}
}

@inproceedings{4,
  title={Link scheduling and power control in wireless mesh networks with directional antennas},
  author={Ramamurthi, Vishwanath and Reaz, A and Dixit, Sudhir and Mukherjee, Biswanath},
  booktitle={IEEE International Conference on Communications (ICC)},
  year={2008}
}

@inproceedings{5,
  title={Distributed approximation algorithms for maximum link scheduling and local broadcasting in the physical interference model},
  author={Pei, Guanhong and Vullikanti, Anil Kumar S},
  booktitle={Proc. of IEEE INFOCOM},
  year={2013}
}

@inproceedings{6,
  title={Maximum weighted independent set of links under physical interference model},
  author={Xu, Xiaohua and Tang, Shaojie and Wan, Peng-Jun},
  booktitle={Proc. of International Conference on Wireless Algorithms, Systems, and Applications (WASA)},
  year={2010}
}

@inproceedings{7,
  title={Maximum independent set of links with a monotone and sublinear power assignment},
  author={Ma, Chao and Al-dhelaan, Fahad and Wan, Peng-Jun},
  booktitle={Proc. of International Conference on Wireless Algorithms, Systems, and Applications (WASA)},
  year={2013}
}

@inproceedings{8,
  title={Wireless capacity with oblivious power in general metrics},
  author={Halld{\'o}rsson, Magn{\'u}s M and Mitra, Pradipta},
  booktitle={ACM-SIAM Symposium on Discrete Algorithms},
  year={2011}
}

@inproceedings{9,
  title={Maximizing capacity with power control under physical interference model in simplex mode},
  author={Wan, Peng-Jun and Ma, Chao and Tang, Shaojie and Xu, Boliu},
  booktitle={Proc. of International Conference on Wireless Algorithms, Systems, and Applications (WASA)},
  year={2011}
}


@inproceedings{10,
  title={On the capacity improvement of ad hoc wireless networks using directional antennas},
  author={Yi, Su and Pei, Yong and Kalyanaraman, Shivkumar},
  booktitle={Proc. of ACM International Symposium on Mobile Ad Hoc Networking and Computing (MobiHoc)},
  year={2003}
}

@article{11,
  title={The capacity of wireless networks},
  author={Gupta, Piyush and Kumar, Panganmala R},
  journal={IEEE Transactions on Information Theory},
  year={2000},
  volume={46},
  number={2}
}

@inproceedings{12,
  title={A constant approximation algorithm for link scheduling in arbitrary networks under physical interference model},
  author={Xu, XiaoHua and Tang, ShaoJie},
  booktitle={Proc. of ACM International Workshop on Foundations of Wireless Ad Hoc and Sensor Networking and Computing (FOWANC)},
  year={2009}
}

@inproceedings{13,
  title={Scheduling and power assignments in the physical model},
  author={Fangh{\"a}nel, Alexander and V{\"o}cking, Berthold},
  booktitle={Theoretical aspects of distributed computing in sensor networks},
  year={2011}
}

@inproceedings{14,
  title={Wireless link scheduling under physical interference model},
  author={Wan, Peng-Jun and Frieder, Ophir and Jia, Xiaohua and Yao, Frances and Xu, Xiaohua and Tang, Shaojie},
  booktitle={Proc. of IEEE INFOCOM},
  year={2011}
}


@inproceedings{15£¬
  title={Maximizing capacity with power control under physical interference model in simplex mode},
  author={Wan, Peng-Jun and Ma, Chao and Tang, Shaojie and Xu, Boliu},
  booktitle={Proc. of International Conference on Wireless Algorithms, Systems, and Applications (WASA)},
  year={2011}
}

